<record><leader>00000cas a22000007a 4500</leader><controlfield tag="001">36786521</controlfield><controlfield tag="008">970423d18791880tnuwr ne      0    0eng d</controlfield><datafield ind1=" " ind2=" " tag="010"><subfield code="a">sn 97065179 </subfield></datafield><datafield ind1=" " ind2=" " tag="040"><subfield code="a">TGN</subfield><subfield code="b">eng</subfield><subfield code="c">TGN</subfield><subfield code="d">OCLCQ</subfield><subfield code="d">OCLCF</subfield><subfield code="d">OCLCO</subfield></datafield><datafield ind1="1" ind2=" " tag="029"><subfield code="a">AU@</subfield><subfield code="b">000013251067</subfield></datafield><datafield ind1=" " ind2=" " tag="042"><subfield code="a">msc</subfield></datafield><datafield ind1=" " ind2=" " tag="043"><subfield code="a">n-us-tn</subfield></datafield><datafield ind1="0" ind2=" " tag="130"><subfield code="a">Dandridge watchman (Dandridge, Tenn. : 1879)</subfield></datafield><datafield ind1="1" ind2="0" tag="245"><subfield code="a">Dandridge watchman.</subfield></datafield><datafield ind1="1" ind2=" " tag="246"><subfield code="i">Colophon title:</subfield><subfield code="a">Watchman</subfield></datafield><datafield ind1=" " ind2=" " tag="260"><subfield code="a">Dandridge, Tenn. :</subfield><subfield code="b">Watchman Pub. Co.</subfield></datafield><datafield ind1=" " ind2=" " tag="300"><subfield code="a">v. ;</subfield><subfield code="c">40 cm.</subfield></datafield><datafield ind1=" " ind2=" " tag="310"><subfield code="a">Weekly</subfield></datafield><datafield ind1="1" ind2=" " tag="362"><subfield code="a">Began in 1879 ; ceased in 1880?</subfield></datafield><datafield ind1=" " ind2=" " tag="500"><subfield code="a">"Official organ of the second judicial circuit."</subfield></datafield><datafield ind1=" " ind2=" " tag="588"><subfield code="a">Description based on: Vol. 3, no. 24 (Oct. 22, 1879).</subfield></datafield><datafield ind1=" " ind2="0" tag="651"><subfield code="a">Dandridge (Tenn.)</subfield><subfield code="v">Newspapers.</subfield></datafield><datafield ind1=" " ind2="0" tag="651"><subfield code="a">Jefferson County (Tenn.)</subfield><subfield code="v">Newspapers.</subfield></datafield><datafield ind1=" " ind2="7" tag="655"><subfield code="a">Newspapers.</subfield><subfield code="2">fast</subfield><subfield code="0">(OCoLC)fst01423814</subfield></datafield><datafield ind1=" " ind2="7" tag="651"><subfield code="a">Tennessee</subfield><subfield code="z">Dandridge.</subfield><subfield code="2">fast</subfield><subfield code="0">(OCoLC)fst01220866</subfield></datafield><datafield ind1=" " ind2="7" tag="651"><subfield code="a">Tennessee</subfield><subfield code="z">Jefferson County.</subfield><subfield code="2">fast</subfield><subfield code="0">(OCoLC)fst01219228</subfield></datafield><datafield ind1=" " ind2=" " tag="752"><subfield code="a">United States</subfield><subfield code="b">Tennessee</subfield><subfield code="c">Jefferson</subfield><subfield code="d">Dandridge.</subfield></datafield><datafield ind1="0" ind2="0" tag="780"><subfield code="t">Dandridge weekly watchman</subfield><subfield code="w">(DLC)sn 97065178</subfield></datafield><datafield ind1="0" ind2="0" tag="785"><subfield code="t">Watchman and reporter (Dandridge, Tenn.)</subfield><subfield code="w">(DLC)sn 97065180</subfield></datafield><datafield ind1=" " ind2=" " tag="936"><subfield code="a">Vol. 4, no. 5 (June 9, 1880)</subfield></datafield></record>